<?xml version="1.0" encoding="UTF-8"?><collection xmlns="http://www.loc.gov/MARC21/slim"><record><leader>00374nam--2200145-i-4500</leader><controlfield tag="001">000018861</controlfield><controlfield tag="002">20161230</controlfield><controlfield tag="005">20170121210757</controlfield><controlfield tag="008">060222s1000------------r-----000-0-eng-d</controlfield><datafield ind1=" " ind2=" " tag="080"><subfield code="a">539.123</subfield></datafield><datafield ind1=" " ind2=" " tag="100"><subfield code="a">Consigny, E</subfield></datafield><datafield ind1=" " ind2=" " tag="245"><subfield code="a">Conclusion du run neutrino du 28.5 au 6.6.64</subfield><subfield code="b">Meyrin, /10.8.1964</subfield></datafield><datafield ind1=" " ind2=" " tag="300"><subfield code="a">4 p. + 10 Table</subfield></datafield><datafield ind1=" " ind2=" " tag="852"><subfield code="a">23934</subfield></datafield><datafield ind1=" " ind2=" " tag="CAT"><subfield code="a">SYS</subfield><subfield code="c">20170121</subfield><subfield code="h">210757</subfield></datafield></record></collection>